
@misc{fridgeorders,
  title = {{Why has the three-body problem not been solved?}},
  author={{Julien Bordet}},
  year={2015},
  howpublished = {\url{https://www.quora.com/Why-has-the-three-body-problem-not-been-solved}},
  note = {Accessed: \today}
}

@book{meyer2008introduction,
  title={Introduction to Hamiltonian dynamical systems and the N-body problem},
  author={Meyer, Kenneth and Hall, Glen and Offin, Dan},
  volume={90},
  year={2008},
  publisher={Springer Science \& Business Media}
}